@manual{lab10-manual,
    author = {Hui Hu},
    title = {Pressure Measurements in a De Laval Nozzle},
    year = {2024},
    organization = {Iowa State University},
    url = {https://www.aere.iastate.edu/~huhui/teaching/2024-01S/AerE344/lab-instruction/AerE344L-Lab-10-instruction.pdf},
}